<?xml version="1.0" encoding="UTF-8"?><record xmlns="http://www.loc.gov/MARC21/slim" xmlns:cinclude="http://apache.org/cocoon/include/1.0" xmlns:zs="http://www.loc.gov/zing/srw/">
  <leader>00413nz  a2200145n  4500</leader>
  <controlfield tag="001">no 96018030 </controlfield>
  <controlfield tag="003">DLC</controlfield>
  <controlfield tag="005">19960410053458.3</controlfield>
  <controlfield tag="008">960409n| acannaab|          |n aaa     c</controlfield>
  <datafield tag="010" ind1=" " ind2=" ">
    <subfield code="a">no 96018030 </subfield>
  </datafield>
  <datafield tag="035" ind1=" " ind2=" ">
    <subfield code="a">(OCoLC)oca04052474 </subfield>
  </datafield>
  <datafield tag="040" ind1=" " ind2=" ">
    <subfield code="a">NJQ</subfield>
    <subfield code="c">NJQ</subfield>
  </datafield>
  <datafield tag="100" ind1="1" ind2="0">
    <subfield code="a">Killick, Jane</subfield>
  </datafield>
  <datafield tag="670" ind1=" " ind2=" ">
    <subfield code="a">The making of Judge Dredd, c1995:</subfield>
    <subfield code="b">t.p. (Jane Killick)</subfield>
  </datafield>
  <datafield tag="670" ind1=" " ind2=" ">
    <subfield code="a">OCLC, 4/1/96</subfield>
    <subfield code="b">(hdg.: Killick, Jane; usage: Jane Killick)</subfield>
  </datafield>
</record>